@book{hill2004,
  title={Free energy transduction and biochemical cycle kinetics},
  author={Hill, Terrell L},
  year={2004},
  publisher={Courier Corporation}
}

@article{gillespie1976,
  title={A general method for numerically simulating the stochastic time evolution of coupled chemical reactions},
  author={Gillespie, Daniel T},
  journal={Journal of computational physics},
  volume={22},
  number={4},
  pages={403--434},
  year={1976},
  publisher={Elsevier}
}

@article{gillespie1977,
  title={Exact stochastic simulation of coupled chemical reactions},
  author={Gillespie, Daniel T and others},
  journal={J. phys. Chem},
  volume={81},
  number={25},
  pages={2340--2361},
  year={1977}
}

@article{michaelis1913,
  title={Die kinetik der invertinwirkung},
  author={Michaelis, Leonor and Menten, Maud L},
  journal={Biochem. z},
  volume={49},
  number={333-369},
  pages={352},
  year={1913},
  publisher={Berlin}
}